<record><leader>00000cas a2200000 a 4500</leader><controlfield tag="001">11101479</controlfield><controlfield tag="008">840829d1uuu1934mauwr ne      0    0arm c</controlfield><datafield ind1=" " ind2=" " tag="010"><subfield code="a">sn 84027418 </subfield></datafield><datafield ind1=" " ind2=" " tag="040"><subfield code="a">NPU</subfield><subfield code="b">eng</subfield><subfield code="c">NPU</subfield><subfield code="d">DLC</subfield><subfield code="d">NYS</subfield><subfield code="d">DLC</subfield><subfield code="d">NVF</subfield><subfield code="d">OCLCQ</subfield><subfield code="d">OCLCF</subfield><subfield code="d">OCLCO</subfield></datafield><datafield ind1=" " ind2=" " tag="042"><subfield code="a">pcc</subfield></datafield><datafield ind1=" " ind2=" " tag="043"><subfield code="a">n-us---</subfield></datafield><datafield ind1="0" ind2=" " tag="130"><subfield code="a">Hayrenik&#699; (Boston, Mass. : Weekly)</subfield></datafield><datafield ind1="1" ind2="0" tag="245"><subfield code="a">Hayrenik&#699;.</subfield></datafield><datafield ind1="1" ind2="3" tag="246"><subfield code="a">Armenian national weekly</subfield></datafield><datafield ind1=" " ind2=" " tag="260"><subfield code="a">Boston, Mass. :</subfield><subfield code="b">[Hairenik Association]</subfield></datafield><datafield ind1=" " ind2=" " tag="300"><subfield code="a">v.</subfield></datafield><datafield ind1=" " ind2=" " tag="310"><subfield code="a">Weekly</subfield></datafield><datafield ind1="1" ind2=" " tag="362"><subfield code="a">Ceased in 1934.</subfield></datafield><datafield ind1=" " ind2=" " tag="500"><subfield code="a">&quot;Shabat&#699;at&#699;ert&#699; grakan, hasarakakan, k&#699;aghak&#699;akan.&quot;</subfield></datafield><datafield ind1=" " ind2=" " tag="546"><subfield code="a">In Armenian.</subfield></datafield><datafield ind1=" " ind2=" " tag="588"><subfield code="a">Description based on: Vol. 14, no. 47 (noyember 14, 1911).</subfield></datafield><datafield ind1=" " ind2="0" tag="650"><subfield code="a">Armenians</subfield><subfield code="z">United States</subfield><subfield code="v">Newspapers.</subfield></datafield><datafield ind1=" " ind2="7" tag="655"><subfield code="a">Newspapers.</subfield><subfield code="2">fast</subfield><subfield code="0">(OCoLC)fst01423814</subfield></datafield><datafield ind1=" " ind2="7" tag="650"><subfield code="a">Armenians.</subfield><subfield code="2">fast</subfield><subfield code="0">(OCoLC)fst00814767</subfield></datafield><datafield ind1=" " ind2="7" tag="651"><subfield code="a">United States.</subfield><subfield code="2">fast</subfield><subfield code="0">(OCoLC)fst01204155</subfield></datafield><datafield ind1=" " ind2=" " tag="752"><subfield code="a">United States</subfield><subfield code="b">Massachusetts</subfield><subfield code="c">Suffolk</subfield><subfield code="d">Boston.</subfield></datafield><datafield ind1="0" ind2=" " tag="775"><subfield code="t">Hayrenik&#699; (Boston, Mass. : Daily)</subfield><subfield code="w">(DLC)sn 82006615</subfield><subfield code="w">(OCoLC)8761016</subfield></datafield><datafield ind1="0" ind2="0" tag="785"><subfield code="t">Hairenik weekly</subfield><subfield code="w">(DLC)sn 83045853</subfield><subfield code="w">(OCoLC)9741128</subfield></datafield></record>